@online{online,
	title = {Rezension zu Laats, Adam: The Other School Reformers},
	author = {Boser Hofmann, Lukas},
	url = {http://www.hsozkult.de/publicationreview/id/rezbuecher-23419},
	urldate = {2020-06-26},
	date = {2015-09-30},
}
